<record><leader>00000cas a22000007a 4500</leader><controlfield tag="001">33951606</controlfield><controlfield tag="008">951220d192u19uuakumr ne      0    0eng d</controlfield><datafield ind1=" " ind2=" " tag="010"><subfield code="a">sn 95060089 </subfield></datafield><datafield ind1=" " ind2=" " tag="040"><subfield code="a">ANE</subfield><subfield code="b">eng</subfield><subfield code="c">ANE</subfield><subfield code="d">OCLCQ</subfield><subfield code="d">OCLCF</subfield><subfield code="d">OCLCO</subfield></datafield><datafield ind1="1" ind2=" " tag="029"><subfield code="a">AU@</subfield><subfield code="b">000025855047</subfield></datafield><datafield ind1=" " ind2=" " tag="042"><subfield code="a">msc</subfield></datafield><datafield ind1=" " ind2=" " tag="043"><subfield code="a">n-us-ak</subfield></datafield><datafield ind1="0" ind2="0" tag="245"><subfield code="a">Table talks.</subfield></datafield><datafield ind1=" " ind2=" " tag="260"><subfield code="a">Wasilla, Alaska :</subfield><subfield code="b">Herning Family</subfield></datafield><datafield ind1=" " ind2=" " tag="300"><subfield code="a">v.</subfield></datafield><datafield ind1=" " ind2=" " tag="588"><subfield code="a">Description based on: June/July 1923.</subfield></datafield><datafield ind1=" " ind2="0" tag="651"><subfield code="a">Wasilla (Alaska)</subfield><subfield code="v">Newspapers.</subfield></datafield><datafield ind1=" " ind2="7" tag="655"><subfield code="a">Newspapers.</subfield><subfield code="2">fast</subfield><subfield code="0">(OCoLC)fst01423814</subfield></datafield><datafield ind1=" " ind2="7" tag="651"><subfield code="a">Alaska</subfield><subfield code="z">Wasilla.</subfield><subfield code="2">fast</subfield><subfield code="0">(OCoLC)fst01230204</subfield></datafield><datafield ind1=" " ind2=" " tag="752"><subfield code="a">United States</subfield><subfield code="b">Alaska</subfield><subfield code="d">Wasilla.</subfield></datafield><datafield ind1="0" ind2="0" tag="780"><subfield code="t">Wasilla news</subfield><subfield code="w">(DLC)sn 95060088</subfield><subfield code="w">(OCoLC)33951600</subfield></datafield></record>